Account Name       :                	Mr. SONU KUMAR PANDIT
Address            :	317 SHRIJI SOCIETY
                                    	SIKKA JAMNAGAR
                                    	SIKKA JAMNAGAR-361140
                                    	477:Jamnagar
Date               :                	23 Jul 2024
Account Number     :	_00000039580713908
Account Description:	LOTUS SAVING  BANK AL OVD- CHQ
Branch             :	SIKKA
Drawing Power      :	0.00
Interest Rate(% p.a.):	2.7
MOD Balance      :	0.00
CIF No.          :	_90619070806
IFS (Indian Financial System) Code         :	SBIN0060099
MICR (Magnetic Ink Character Recognition)  Code        :	_361002012
Nomination Registered    :	Yes 
Balance on 23 Jan 2024        :	13,837.38
Start Date          :	23 Jan 2024
End Date            :	23 Jul 2024
Txn Date	Value Date	Description	Ref No./Cheque No.	        Debit	Credit	Balance	
23 Jan 2024	23 Jan 2024	   TO TRANSFER-UPI/DR/438994520548/Irctc ap/PYTM/paytm-7620/NA--	TRANSFER TO 4897691162095	2,484.65	 	11,352.73
23 Jan 2024	23 Jan 2024	   TO TRANSFER-UPI/DR/402384508248/JAVID FA/PYTM/paytm-5155/Oid20--	TRANSFER TO 4897691162095	30.00	 	11,322.73
23 Jan 2024	23 Jan 2024	   TO TRANSFER-UPI/DR/402384618796/JAVID FA/PYTM/paytm-5155/Oid20--	TRANSFER TO 4897691162095	120.00	 	11,202.73
23 Jan 2024	23 Jan 2024	   TO TRANSFER-UPI/DR/402349808308/Mr VIKRA/CBIN/8401844614/NA--	TRANSFER TO 4897691162095	20.00	 	11,182.73
24 Jan 2024	24 Jan 2024	   TO TRANSFER-UPI/DR/402450876309/Jio/PYTM/8744070@pa/Oid22893--	TRANSFER TO 4897692162094	29.00	 	11,153.73
24 Jan 2024	24 Jan 2024	   TO TRANSFER-UPI/DR/439052640854/Flipkart/PYTM/paytm-5650/OidPZ--	TRANSFER TO 4897692162094	675.00	 	10,478.73
24 Jan 2024	24 Jan 2024	   BY TRANSFER-UPI/CR/439010194857/IRCTC_AP/PYTM/paytm-7620/expre--	TRANSFER FROM 4897734162099	 	2,484.65	12,963.38
24 Jan 2024	24 Jan 2024	   TO TRANSFER-UPI/DR/439032070683/BPCL BIL/HDFC/bpcl.billd/Pay--	TRANSFER TO 4897692162094	915.50	 	12,047.88
24 Jan 2024	24 Jan 2024	   TO TRANSFER-UPI/DR/439061463127/LIC of I/PYTM/ptmppi@pay/Oid22--	TRANSFER TO 4897692162094	6,065.00	 	5,982.88
25 Jan 2024	25 Jan 2024	   TO TRANSFER-UPI/DR/402512624864/IBIBOGROUP/HDFC/redbus.pay/NA--	TRANSFER TO 4897693162093	860.00	 	5,122.88
25 Jan 2024	25 Jan 2024	   TO TRANSFER-UPI/DR/439121609811/Krishna /UTIB/gpay-11223/NA--	TRANSFER TO 4897693162093	66.00	 	5,056.88
25 Jan 2024	25 Jan 2024	   TO TRANSFER-UPI/DR/402537391214/BABU  BI/YESB/Q662485812/NA--	TRANSFER TO 4897693162093	50.00	 	5,006.88
26 Jan 2024	26 Jan 2024	   TO TRANSFER-UPI/DR/402629250257/Jaisukh /RATN/jaisukhtra/IN11h--	TRANSFER TO 4897694162092	925.00	 	4,081.88
27 Jan 2024	27 Jan 2024	   TO TRANSFER-UPI/DR/402768868738/Jio/PYTM/8744070@pa/Oid22923--	TRANSFER TO 4897695162091	29.00	 	4,052.88
27 Jan 2024	27 Jan 2024	   TO TRANSFER-UPI/DR/439332402326/RODI  LAL/YESB/Q533325058/NA--	TRANSFER TO 4897695162091	90.00	 	3,962.88
27 Jan 2024	27 Jan 2024	   TO TRANSFER-UPI/DR/439335135833/SANNY  K/SBIN/7858911697/NA--	TRANSFER TO 4897695162091	50.00	 	3,912.88
27 Jan 2024	27 Jan 2024	   TO TRANSFER-UPI/DR/402748355262/SUA LALR/YESB/Q135888304/NA--	TRANSFER TO 4897695162091	10.00	 	3,902.88
29 Jan 2024	29 Jan 2024	   TO TRANSFER-UPI/DR/402942806548/Flipkart/PYTM/paytm-5650/OidPZ--	TRANSFER TO 4897690162095	1,299.00	 	2,603.88
30 Jan 2024	30 Jan 2024	   BY TRANSFER-UPI/CR/439607160477/Airline /PYTM/paytm-flig/expre--	TRANSFER FROM 4897733162090	 	5,373.00	7,976.88
30 Jan 2024	30 Jan 2024	   BY TRANSFER-UPI/CR/439607161984/Airline /PYTM/paytm-flig/expre--	TRANSFER FROM 4897733162090	 	5,373.00	13,349.88
30 Jan 2024	30 Jan 2024	   BY TRANSFER-UPI/CR/439607161226/Airline /PYTM/paytm-flig/expre--	TRANSFER FROM 4897733162090	 	5,373.00	18,722.88
30 Jan 2024	30 Jan 2024	   BY TRANSFER-UPI/CR/439607262103/Airline /PYTM/paytm-flig/expre--	TRANSFER FROM 4897733162090	 	245.00	18,967.88
30 Jan 2024	30 Jan 2024	   BY TRANSFER-UPI/CR/439607261415/Airline /PYTM/paytm-flig/expre--	TRANSFER FROM 4897733162090	 	148.00	19,115.88
31 Jan 2024	31 Jan 2024	   TO TRANSFER-UPI/DR/439716743866/HARSH KU/UBIN/6299799115/NA--	TRANSFER TO 4897692162094	40.00	 	19,075.88
1 Feb 2024	1 Feb 2024	   TO TRANSFER-UPI/DR/439822425884/JITENDRA/YESB/Q850616896/NA--	TRANSFER TO 4897693162093	50.00	 	19,025.88
1 Feb 2024	1 Feb 2024	   TO TRANSFER-UPI/DR/439824070089/Mr PRAMO/YESB/Q741959655/NA--	TRANSFER TO 4897693162093	30.00	 	18,995.88
1 Feb 2024	1 Feb 2024	   TO TRANSFER-UPI/DR/403232698130/RAM ENTE/HDFC/Vyapar.169/NA--	TRANSFER TO 4897693162093	26.00	 	18,969.88
1 Feb 2024	1 Feb 2024	   TO TRANSFER-UPI/DR/439834043651/KARTAR S/IPOS/8200048499/Sent--	TRANSFER TO 4897693162093	20.00	 	18,949.88
2 Feb 2024	2 Feb 2024	   TO TRANSFER-UPI/DR/403328846739/MANISHA /SBIN/9409610498/Sent--	TRANSFER TO 4897694162092	3,000.00	 	15,949.88
2 Feb 2024	2 Feb 2024	   TO TRANSFER-UPI/DR/403331572414/RITESH K/UCBA/7988142861/NA--	TRANSFER TO 4897694162092	1,700.00	 	14,249.88
2 Feb 2024	2 Feb 2024	   TO TRANSFER-UPI/DR/439932218429/RITESH K/UCBA/7988142861/NA--	TRANSFER TO 4897694162092	150.00	 	14,099.88
2 Feb 2024	2 Feb 2024	   TO TRANSFER-UPI/DR/403347108719/ALBERT S/IBKL/a4652111@o/Sent--	TRANSFER TO 4897695162091	50.00	 	14,049.88
3 Feb 2024	3 Feb 2024	   TO TRANSFER-UPI/DR/403487540444/PATEL KR/PYTM/paytm-7812/Oid20--	TRANSFER TO 4897695162091	20.00	 	14,029.88
3 Feb 2024	3 Feb 2024	   TO TRANSFER-UPI/DR/403461809321/Sainathc/PYTM/paytm-6181/Oid20--	TRANSFER TO 4897695162091	40.00	 	13,989.88
3 Feb 2024	3 Feb 2024	   TO TRANSFER-UPI/DR/403436150145/I Y TINW/YESB/Q521915166/NA--	TRANSFER TO 4897695162091	90.00	 	13,899.88
4 Feb 2024	4 Feb 2024	   TO TRANSFER-UPI/DR/403552558225/Add Mone/PYTM/add-money@/Oid22--	TRANSFER TO 4897696162090	456.90	 	13,442.98
4 Feb 2024	4 Feb 2024	   TO TRANSFER-UPI/DR/440155122596/Jio/PYTM/8744070@pa/Oid22959--	TRANSFER TO 4897696162090	29.00	 	13,413.98
4 Feb 2024	4 Feb 2024	   TO TRANSFER-UPI/DR/440131989901/SOLANKI /YESB/Q755431484/NA--	TRANSFER TO 4897696162090	70.00	 	13,343.98
5 Feb 2024	5 Feb 2024	   TO TRANSFER-UPI/DR/440225608074/PARULUNI/HDFC/parulunive/Pay--	TRANSFER TO 4897690162095	20.00	 	13,323.98
5 Feb 2024	5 Feb 2024	   TO TRANSFER-UPI/DR/403649979400/KARAN KU/UTIB/6354617054/NA--	TRANSFER TO 4897690162095	60.00	 	13,263.98
5 Feb 2024	5 Feb 2024	   TO TRANSFER-UPI/DR/403640154608/NASIM WO/YESB/Q139804207/NA--	TRANSFER TO 4897690162095	30.00	 	13,233.98
6 Feb 2024	6 Feb 2024	   TO TRANSFER-UPI/DR/403784029773/Sankar L/PYTM/paytm-7934/Oid20--	TRANSFER TO 4897691162095	50.00	 	13,183.98
7 Feb 2024	7 Feb 2024	   TO TRANSFER-UPI/DR/403844135929/SUA LALR/YESB/Q658679007/NA--	TRANSFER TO 4897692162094	4.00	 	13,179.98
7 Feb 2024	7 Feb 2024	   TO TRANSFER-UPI/DR/440454168154/Amazon Pay/UTIB/amazonupi@/You--	TRANSFER TO 4897692162094	2,699.00	 	10,480.98
8 Feb 2024	8 Feb 2024	   BY TRANSFER-UPI/CR/403923052458/CHANDAN /BARB/chandangau/UPI--	TRANSFER FROM 4897735162098	 	750.00	11,230.98
8 Feb 2024	8 Feb 2024	   TO TRANSFER-UPI/DR/403985603124/Sankar L/PYTM/paytm-7934/Oid20--	TRANSFER TO 4897693162093	40.00	 	11,190.98
8 Feb 2024	8 Feb 2024	   BY TRANSFER-UPI/CR/403903591462/MITHILIS/SBIN/mithilesh2/Payme--	TRANSFER FROM 4897735162098	 	1.00	11,191.98
8 Feb 2024	8 Feb 2024	   BY TRANSFER-UPI/CR/403915734027/MITHILIS/SBIN/mithilesh2/Payme--	TRANSFER FROM 4897735162098	 	40,000.00	51,191.98
8 Feb 2024	8 Feb 2024	   BY TRANSFER-UPI/CR/403955561184/MITHILIS/SBIN/mithilesh2/Payme--	TRANSFER FROM 4897735162098	 	30,000.00	81,191.98
10 Feb 2024	10 Feb 2024	   BY TRANSFER-UPI/CR/440729371794/Airline /PYTM/paytm-flig/expre--	TRANSFER FROM 4897737162096	 	6,179.00	87,370.98
10 Feb 2024	10 Feb 2024	   BY TRANSFER-UPI/CR/440720380009/Airline /PYTM/paytm-flig/expre--	TRANSFER FROM 4897737162096	 	147.00	87,517.98
10 Feb 2024	10 Feb 2024	   BY TRANSFER-UPI/CR/440720393730/Airline /PYTM/paytm-flig/expre--	TRANSFER FROM 4897737162096	 	245.00	87,762.98
11 Feb 2024	11 Feb 2024	   TO TRANSFER-UPI/DR/440822226506/SWEET RA/YESB/MAB0451128/NA--	TRANSFER TO 4897696162090	20.00	 	87,742.98
11 Feb 2024	11 Feb 2024	   TO TRANSFER-UPI/DR/440839575092/M S MAHA/ICIC/eazypay.00/NA--	TRANSFER TO 4897696162090	176.00	 	87,566.98
12 Feb 2024	12 Feb 2024	   TO TRANSFER-UPI/DR/440967804995/PGVCL El/PYTM/paytm-ptmb/Oid23--	TRANSFER TO 4897690162095	3,714.50	 	83,852.48
14 Feb 2024	14 Feb 2024	   BY TRANSFER-UPI/CR/404563688779/SANJU EN/HDFC/shubhamvns/UPI--	TRANSFER FROM 4897734162099	 	50.00	83,902.48
14 Feb 2024	14 Feb 2024	   TO TRANSFER-UPI/DR/441194484606/Mr Harij/PYTM/paytm-8316/Oid20--	TRANSFER TO 4897692162094	15.00	 	83,887.48
14 Feb 2024	14 Feb 2024	   TO TRANSFER-UPI/DR/404588779065/PARULUNI/HDFC/parulunive/Easeb--	TRANSFER TO 4897692162094	99.50	 	83,787.98
15 Feb 2024	15 Feb 2024	   TO TRANSFER-UPI/DR/404622894419/SARGAM P/HDFC/Vyapar.169/NA--	TRANSFER TO 4897693162093	80.00	 	83,707.98
16 Feb 2024	16 Feb 2024	   TO TRANSFER-UPI/DR/404745513755/RAMESH C/YESB/Q576009012/NA--	TRANSFER TO 4897695162091	15.00	 	83,692.98
17 Feb 2024	17 Feb 2024	   TO TRANSFER-UPI/DR/404859249432/NAVIN JA/PYTM/paytm-7339/Oid20--	TRANSFER TO 4897695162091	20.00	 	83,672.98
18 Feb 2024	18 Feb 2024	   TO TRANSFER-UPI/DR/404963878677/Jio Prep/PYTM/paytm-jiom/NA--	TRANSFER TO 4897696162090	299.00	 	83,373.98
19 Feb 2024	19 Feb 2024	   TO TRANSFER-UPI/DR/405020024379/SUA LALR/YESB/Q658679007/NA--	TRANSFER TO 4897690162095	10.00	 	83,363.98
19 Feb 2024	19 Feb 2024	   TO TRANSFER-UPI/DR/405048907048/SUA LALR/YESB/Q658679007/NA--	TRANSFER TO 4897690162095	40.00	 	83,323.98
19 Feb 2024	19 Feb 2024	   BY TRANSFER-UPI/CR/441645880270/HARSH KU/UBIN/6299799115/Payme--	TRANSFER FROM 4897732162091	 	40.00	83,363.98
19 Feb 2024	19 Feb 2024	   TO TRANSFER-UPI/DR/405042109607/HARSH KU/UBIN/6299799115/NA--	TRANSFER TO 4897690162095	30.00	 	83,333.98
19 Feb 2024	19 Feb 2024	   BY TRANSFER-UPI/CR/405045439084/HARSH KU/UBIN/6299799115/NA--	TRANSFER FROM 4897733162090	 	30.00	83,363.98
20 Feb 2024	20 Feb 2024	   TO TRANSFER-UPI/DR/405181896874/PATEL KR/PYTM/paytm-7812/Oid20--	TRANSFER TO 4897691162095	104.00	 	83,259.98
20 Feb 2024	20 Feb 2024	   TO TRANSFER-UPI/DR/405160745262/Avani Bh/PYTM/paytm-7181/Oid20--	TRANSFER TO 4897691162095	50.00	 	83,209.98
20 Feb 2024	20 Feb 2024	   TO TRANSFER-UPI/DR/405182650593/SAI SODA/PYTM/paytm-8156/Oid20--	TRANSFER TO 4897691162095	10.00	 	83,199.98
21 Feb 2024	21 Feb 2024	   TO TRANSFER-UPI/DR/405209927670/IRCTC CF/HDFC/irctc.cf@h/IRCTC--	TRANSFER TO 4897692162094	2,684.05	 	80,515.93
21 Feb 2024	21 Feb 2024	   TO TRANSFER-UPI/DR/405209994352/IRCTC CF/HDFC/irctc.cf@h/IRCTC--	TRANSFER TO 4897692162094	2,824.05	 	77,691.88
21 Feb 2024	21 Feb 2024	   TO TRANSFER-UPI/DR/405269374715/NAVIN JA/PYTM/paytm-7339/Oid20--	TRANSFER TO 4897692162094	10.00	 	77,681.88
21 Feb 2024	21 Feb 2024	   TO TRANSFER-UPI/DR/441844915284/Sankar L/PYTM/paytm-7934/Oid20--	TRANSFER TO 4897692162094	40.00	 	77,641.88
21 Feb 2024	21 Feb 2024	   TO TRANSFER-UPI/DR/405248423687/HARSH KU/UBIN/6299799115/NA--	TRANSFER TO 4897693162093	500.00	 	77,141.88
21 Feb 2024	21 Feb 2024	   BY TRANSFER-UPI/CR/405248619758/HARSH KU/UBIN/6299799115/NA--	TRANSFER FROM 4897735162098	 	500.00	77,641.88
22 Feb 2024	22 Feb 2024	   TO TRANSFER-UPI/DR/405329080663/SHAIKH F/YESB/Q526970226/NA--	TRANSFER TO 4897693162093	40.00	 	77,601.88
22 Feb 2024	22 Feb 2024	   TO TRANSFER-UPI/DR/405315262649/MYNTRA D/AIRP/myntradesi/Upi T--	TRANSFER TO 4897693162093	100.00	 	77,501.88
23 Feb 2024	23 Feb 2024	   BY TRANSFER-UPI/CR/405416910794/IRCTC CF/HDFC/irctc.cf@h/UPI R--	TRANSFER FROM 4897736162097	 	2,595.36	80,097.24
24 Feb 2024	24 Feb 2024	   TO TRANSFER-UPI/DR/405563111116/Jio Prep/PYTM/paytm-jiom/NA--	TRANSFER TO 4897695162091	29.00	 	80,068.24
25 Feb 2024	25 Feb 2024	   TO TRANSFER-UPI/DR/442248267535/RINKU DE/PUNB/pradipkapr/Payme--	TRANSFER TO 4897696162090	200.00	 	79,868.24
25 Feb 2024	25 Feb 2024	   TO TRANSFER-UPI/DR/442227501917/Flipkart/PYTM/paytm-5650/OidPZ--	TRANSFER TO 4897696162090	307.00	 	79,561.24
25 Feb 2024	25 Feb 2024	   BY TRANSFER-UPI/CR/442234673297/HARSH KU/UBIN/6299799115/NA--	TRANSFER FROM 4897738162095	 	40.00	79,601.24
25 Feb 2024	25 Feb 2024	   TO TRANSFER-UPI/DR/405667483730/JAYSWAL /PYTM/pay7777981/Oid20--	TRANSFER TO 4897696162090	30.00	 	79,571.24
25 Feb 2024	25 Feb 2024	   TO TRANSFER-UPI/DR/442245945029/PARAS DEVI/PYTM/paytm-6906/Oid--	TRANSFER TO 4897696162090	20.00	 	79,551.24
25 Feb 2024	25 Feb 2024	   TO TRANSFER-UPI/DR/405646052403/SUA LALR/YESB/Q658679007/NA--	TRANSFER TO 4897696162090	10.00	 	79,541.24
25 Feb 2024	25 Feb 2024	   TO TRANSFER-UPI/DR/405646352665/KARAN KU/UTIB/6354617054/NA--	TRANSFER TO 4897696162090	6.00	 	79,535.24
26 Feb 2024	26 Feb 2024	   TO TRANSFER-UPI/DR/405744409821/RADHA GO/ESFB/tanishkman/Sent--	TRANSFER TO 4897690162095	20.00	 	79,515.24
27 Feb 2024	27 Feb 2024	   TO TRANSFER-UPI/DR/442424286373/M S MAHA/ICIC/eazypay.00/NA--	TRANSFER TO 4897691162095	117.00	 	79,398.24
27 Feb 2024	27 Feb 2024	   TO TRANSFER-UPI/DR/442490404780/HIRENKUM/PYTM/paytm-2722/Oid20--	TRANSFER TO 4897691162095	20.00	 	79,378.24
29 Feb 2024	29 Feb 2024	   TO TRANSFER-UPI/DR/406058749944/Het Trad/PYTM/pay9913016/Oid20--	TRANSFER TO 4897693162093	54.00	 	79,324.24
29 Feb 2024	29 Feb 2024	   TO TRANSFER-UPI/DR/406020295350/SHAIKH J/YESB/Q870058436/NA--	TRANSFER TO 4897693162093	50.00	 	79,274.24
1 Mar 2024	1 Mar 2024	   TO TRANSFER-UPI/DR/442727234753/SAMRAT C/HDFC/Vyapar.169/NA--	TRANSFER TO 4897694162092	25.00	 	79,249.24
2 Mar 2024	2 Mar 2024	   TO TRANSFER-UPI/DR/406246403665/FLIPKART/HDFC/flipkartin/PAYME--	TRANSFER TO 4897695162091	504.00	 	78,745.24
2 Mar 2024	2 Mar 2024	   BY TRANSFER-UPI/CR/406246440195/FLIPKART/HDFC/flipkartin/REFUN--	TRANSFER FROM 4897737162096	 	290.00	79,035.24
2 Mar 2024	2 Mar 2024	   BY TRANSFER-INB IMPS406222622321/1111100000/XX8981/IMPS--	MAL000062631410          MAL000062631410          	 	1.00	79,036.24
3 Mar 2024	3 Mar 2024	   TO TRANSFER-UPI/DR/442951890011/Mr MOHAM/IDIB/7631603306/Payme--	TRANSFER TO 4897696162090	150.00	 	78,886.24
3 Mar 2024	3 Mar 2024	   TO TRANSFER-UPI/DR/406346481294/OPTIC HO/HDFC/optichouse/Payme--	TRANSFER TO 4897696162090	600.00	 	78,286.24
3 Mar 2024	3 Mar 2024	   TO TRANSFER-UPI/DR/406374019538/Pooja Va/PYTM/paytmqr281/Payme--	TRANSFER TO 4897696162090	20.00	 	78,266.24
3 Mar 2024	3 Mar 2024	   TO TRANSFER-UPI/DR/406348176185/RITESH K/UCBA/7988142861/NA--	TRANSFER TO 4897696162090	1,000.00	 	77,266.24
4 Mar 2024	4 Mar 2024	   TO TRANSFER-UPI/DR/406428711225/Rahul  K/SBIN/6207380948/NA--	TRANSFER TO 4897690162095	460.00	 	76,806.24
4 Mar 2024	4 Mar 2024	   TO TRANSFER-UPI/DR/406466232118/Flipkart/PYTM/paytm-5650/OidPZ--	TRANSFER TO 4897690162095	1,138.00	 	75,668.24
4 Mar 2024	4 Mar 2024	   TO TRANSFER-UPI/DR/406445355226/HARSH KU/UBIN/6299799115/NA--	TRANSFER TO 4897690162095	200.00	 	75,468.24
5 Mar 2024	5 Mar 2024	   TO TRANSFER-UPI/DR/406525928780/SHAIKH J/YESB/Q833805560/NA--	TRANSFER TO 4897691162095	50.00	 	75,418.24
6 Mar 2024	6 Mar 2024	   TO TRANSFER-UPI/DR/406640979693/AKASH MI/UBIN/9129424384/NA--	TRANSFER TO 4897692162094	600.00	 	74,818.24
7 Mar 2024	7 Mar 2024	   TO TRANSFER-UPI/DR/443312870964/Hiralal/BARB/7297935980/NA--	TRANSFER TO 4897693162093	5.00	 	74,813.24
7 Mar 2024	7 Mar 2024	   TO TRANSFER-UPI/DR/443321090774/GOPIBENB/YESB/Q769530955/NA--	TRANSFER TO 4897693162093	40.00	 	74,773.24
7 Mar 2024	7 Mar 2024	   TO TRANSFER-UPI/DR/406766155276/Sainathc/PYTM/paytm-6181/Oid20--	TRANSFER TO 4897693162093	40.00	 	74,733.24
7 Mar 2024	7 Mar 2024	   TO TRANSFER-UPI/DR/443339196252/PRIYANSH/YESB/Q357641023/NA--	TRANSFER TO 4897693162093	20.00	 	74,713.24
8 Mar 2024	8 Mar 2024	   TO TRANSFER-UPI/DR/443418041140/MANISHA /SBIN/9409610498/Sent--	TRANSFER TO 4897694162092	3,000.00	 	71,713.24
9 Mar 2024	9 Mar 2024	   TO TRANSFER-UPI/DR/406944906684/SUA LALR/YESB/Q658679007/NA--	TRANSFER TO 4897695162091	56.00	 	71,657.24
10 Mar 2024	10 Mar 2024	   BY TRANSFER-UPI/CR/443604635548/HARSH KU/UBIN/6299799115/NA--	TRANSFER FROM 4897738162095	 	200.50	71,857.74
10 Mar 2024	10 Mar 2024	   TO TRANSFER-UPI/DR/407052484728/Jio/PYTM/8744070@pa/Oid23193--	TRANSFER TO 4897696162090	15.00	 	71,842.74
10 Mar 2024	10 Mar 2024	   TO TRANSFER-UPI/DR/443622602498/SUA LALR/YESB/Q658679007/NA--	TRANSFER TO 4897696162090	10.00	 	71,832.74
10 Mar 2024	10 Mar 2024	   TO TRANSFER-UPI/DR/443631499413/M S MAHA/ICIC/eazypay.00/NA--	TRANSFER TO 4897696162090	72.00	 	71,760.74
10 Mar 2024	10 Mar 2024	   BY TRANSFER-UPI/CR/407042773519/Rahul  K/SBIN/6207380948/NA--	TRANSFER FROM 4897738162095	 	42.00	71,802.74
11 Mar 2024	11 Mar 2024	   TO TRANSFER-UPI/DR/407149345551/RAMESH C/YESB/Q576009012/NA--	TRANSFER TO 4897690162095	10.00	 	71,792.74
11 Mar 2024	11 Mar 2024	   TO TRANSFER-UPI/DR/443760623401/NAVDURGA/PYTM/paytm-3618/Oid20--	TRANSFER TO 4897690162095	88.00	 	71,704.74
12 Mar 2024	12 Mar 2024	   TO TRANSFER-UPI/DR/443865682836/Jio Prep/PYTM/paytm-jiom/NA--	TRANSFER TO 4897691162095	666.00	 	71,038.74
12 Mar 2024	12 Mar 2024	   TO TRANSFER-UPI/DR/443865784542/Jio Prep/PYTM/paytm-jiom/NA--	TRANSFER TO 4897691162095	666.00	 	70,372.74
12 Mar 2024	12 Mar 2024	   TO TRANSFER-UPI/DR/443865863893/Jio Prep/PYTM/paytm-jiom/NA--	TRANSFER TO 4897691162095	666.00	 	69,706.74
13 Mar 2024	13 Mar 2024	   TO TRANSFER-UPI/DR/443927737743/SHRINIVA/YESB/Q772760705/NA--	TRANSFER TO 4897692162094	20.00	 	69,686.74
14 Mar 2024	14 Mar 2024	   TO TRANSFER-UPI/DR/407474596444/PATEL KR/PYTM/paytm-7812/Oid20--	TRANSFER TO 4897693162093	44.00	 	69,642.74
15 Mar 2024	15 Mar 2024	   TO TRANSFER-UPI/DR/444118639588/SAMRAT C/HDFC/Vyapar.169/NA--	TRANSFER TO 4897694162092	20.00	 	69,622.74
15 Mar 2024	15 Mar 2024	   TO TRANSFER-UPI/DR/407590373030/IRCTCTOU/HDFC/irctctouri/PAYME--	TRANSFER TO 4897694162092	192.25	 	69,430.49
16 Mar 2024	16 Mar 2024	   TO TRANSFER-UPI/DR/407663684473/ANSHU YA/IBKL/anshuy@apl/Payme--	TRANSFER TO 4897695162091	1,000.00	 	68,430.49
17 Mar 2024	17 Mar 2024	   TO TRANSFER-UPI/DR/444394114753/Mr SANJI/IDIB/9534173080/Payme--	TRANSFER TO 4897696162090	200.00	 	68,230.49
17 Mar 2024	17 Mar 2024	   TO TRANSFER-UPI/DR/444348825080/Vasava S/YESB/paytm-7743/Oid20--	TRANSFER TO 4897696162090	200.00	 	68,030.49
17 Mar 2024	17 Mar 2024	   TO TRANSFER-UPI/DR/444348988882/PARAS DEVI/YESB/paytm-6906/Oid--	TRANSFER TO 4897696162090	40.00	 	67,990.49
17 Mar 2024	17 Mar 2024	   BY TRANSFER-UPI/CR/407742440155/KARAN KU/FDRL/karakumars/Payme--	TRANSFER FROM 4897738162095	 	60.00	68,050.49
18 Mar 2024	18 Mar 2024	   BY TRANSFER-UPI/CR/407857282788/Mr ANAND/CBIN/7903417145/Payme--	TRANSFER FROM 4897732162091	 	80.00	68,130.49
20 Mar 2024	20 Mar 2024	   TO TRANSFER-UPI/DR/408041033957/SUA LALR/YESB/Q658679007/NA--	TRANSFER TO 4897693162093	50.00	 	68,080.49
22 Mar 2024	22 Mar 2024	   TO TRANSFER-UPI/DR/444835189280/BPCL BIL/HDFC/bpcl.billd/Pay--	TRANSFER TO 4897694162092	815.50	 	67,264.99
23 Mar 2024	23 Mar 2024	   TO TRANSFER-UPI/DR/408321116997/VIKRAMBH/YESB/Q747703246/NA--	TRANSFER TO 4897695162091	30.00	 	67,234.99
23 Mar 2024	23 Mar 2024	   BY TRANSFER-UPI/CR/408322698476/AKSHAY K/PUNB/akshay.395/NA--	TRANSFER FROM 4897737162096	 	40.00	67,274.99
23 Mar 2024	23 Mar 2024	   TO TRANSFER-UPI/DR/408324502665/RAVIKUMA/YESB/Q729526207/NA--	TRANSFER TO 4897695162091	15.00	 	67,259.99
23 Mar 2024	23 Mar 2024	   TO TRANSFER-UPI/DR/481592238427/DIMPLE H/YESB/paytm-8269/Oid20--	TRANSFER TO 4897695162091	20.00	 	67,239.99
25 Mar 2024	25 Mar 2024	   TO TRANSFER-UPI/DR/408529935526/ASHISH  /YESB/Q35883555@/NA--	TRANSFER TO 4897690162095	159.00	 	67,080.99
25 Mar 2024	25 Mar 2024	   CREDIT INTEREST---		 	291.00	67,371.99
26 Mar 2024	26 Mar 2024	   TO TRANSFER-UPI/DR/408658272792/IRCTC We/YESB/paytm-6515/NA--	TRANSFER TO 4897691162095	192.25	 	67,179.74
26 Mar 2024	26 Mar 2024	   TO TRANSFER-UPI/DR/408616154982/AAI SHRE/YESB/Q850480209/NA--	TRANSFER TO 4897691162095	332.00	 	66,847.74
27 Mar 2024	27 Mar 2024	   TO TRANSFER-UPI/DR/408711942366/Shri MAD/YESB/Q201843879/NA--	TRANSFER TO 4897692162094	20.00	 	66,827.74
27 Mar 2024	27 Mar 2024	   TO TRANSFER-UPI/DR/408720542731/PARUL UN/ICIC/PARULUNIVE/NA--	TRANSFER TO 4897692162094	236.00	 	66,591.74
27 Mar 2024	27 Mar 2024	   TO TRANSFER-UPI/DR/408780215722/Datar Ne/YESB/paytmqr1eq/Oid20--	TRANSFER TO 4897692162094	200.00	 	66,391.74
28 Mar 2024	28 Mar 2024	   TO TRANSFER-UPI/DR/408823232195/UR CHOICE/HDFC/Vyapar.169/NA--	TRANSFER TO 4897693162093	20.00	 	66,371.74
29 Mar 2024	29 Mar 2024	   TO TRANSFER-UPI/DR/408920543738/MANISHA /SBIN/9409610498/Sent--	TRANSFER TO 4897694162092	1.00	 	66,370.74
30 Mar 2024	30 Mar 2024	   BY TRANSFER-UPI/CR/409004433685/KARAN KU/FDRL/karakumars/Payme--	TRANSFER FROM 4897737162096	 	200.00	66,570.74
31 Mar 2024	31 Mar 2024	   TO TRANSFER-UPI/DR/445794232887/Mr SANJI/IDIB/9534173080/Payme--	TRANSFER TO 4897696162090	165.00	 	66,405.74
31 Mar 2024	31 Mar 2024	   TO TRANSFER-UPI/DR/445768029818/Rawat Ni/YESB/paytm-4027/Oid20--	TRANSFER TO 4897696162090	180.00	 	66,225.74
31 Mar 2024	31 Mar 2024	   TO TRANSFER-UPI/DR/409149764202/RAMESH C/FDRL/BHARATPE.9/Pay t--	TRANSFER TO 4897696162090	10.00	 	66,215.74
31 Mar 2024	31 Mar 2024	   BY TRANSFER-UPI/CR/409113127965/Mr ANAND/CBIN/7903417145/Payme--	TRANSFER FROM 4897738162095	 	90.00	66,305.74
1 Apr 2024	1 Apr 2024	   TO TRANSFER-UPI/DR/445821296334/Redbus I/AIRP/redbusindi/redbu--	TRANSFER TO 4897690162095	418.95	 	65,886.79
1 Apr 2024	1 Apr 2024	   BY TRANSFER-UPI/CR/409218931367/Redbus I/AIRP/redbusindi/Refun--	TRANSFER FROM 4897732162091	 	418.95	66,305.74
1 Apr 2024	1 Apr 2024	   TO TRANSFER-UPI/DR/409251906636/Mr ANAND/CBIN/7903417145/Payme--	TRANSFER TO 4897690162095	55.00	 	66,250.74
1 Apr 2024	1 Apr 2024	   TO TRANSFER-UPI/DR/409242156514/Rahul  K/SBIN/6207380948/NA--	TRANSFER TO 4897690162095	800.00	 	65,450.74
2 Apr 2024	2 Apr 2024	   TO TRANSFER-UPI/DR/445935659456/GOPIBENB/YESB/Q895871863/NA--	TRANSFER TO 4897691162095	20.00	 	65,430.74
3 Apr 2024	3 Apr 2024	   TO TRANSFER-UPI/DR/409422364956/IBIBOGROUP/HDFC/redbus.pay/NA--	TRANSFER TO 4897692162094	377.06	 	65,053.68
3 Apr 2024	3 Apr 2024	   BY TRANSFER-UPI/CR/409425702399/Rahul  K/SBIN/6207380948/NA--	TRANSFER FROM 4897734162099	 	800.00	65,853.68
3 Apr 2024	3 Apr 2024	   TO TRANSFER-UPI/DR/446037783038/PRAJAPAT/KKBK/vikaspraja/Sent--	TRANSFER TO 4897692162094	145.00	 	65,708.68
4 Apr 2024	4 Apr 2024	   TO TRANSFER-UPI/DR/409517740484/Rahul  K/SBIN/6207380948/NA--	TRANSFER TO 4897693162093	5,000.00	 	60,708.68
4 Apr 2024	4 Apr 2024	   TO TRANSFER-UPI/DR/409562260705/Jio Prep/YESB/paytm-jiom/NA--	TRANSFER TO 4897693162093	61.00	 	60,647.68
5 Apr 2024	5 Apr 2024	   BY TRANSFER-UPI/CR/446224934300/Rahul  K/SBIN/6207380948/NA--	TRANSFER FROM 4897736162097	 	4,000.00	64,647.68
5 Apr 2024	5 Apr 2024	   TO TRANSFER-UPI/DR/446231981905/ASHOKKUM/YESB/Q071460089/NA--	TRANSFER TO 4897694162092	100.00	 	64,547.68
7 Apr 2024	7 Apr 2024	   TO TRANSFER-UPI/DR/446461131781/Mr SANJI/IDIB/9534173080/Payme--	TRANSFER TO 4897696162090	150.00	 	64,397.68
7 Apr 2024	7 Apr 2024	   TO TRANSFER-UPI/DR/446469295065/Flipkart/YESB/paytm-5650/OidPZ--	TRANSFER TO 4897696162090	693.00	 	63,704.68
8 Apr 2024	8 Apr 2024	   TO TRANSFER-UPI/DR/446513699229/AMAZON S/HDFC/amazonsell/NA--	TRANSFER TO 4897690162095	190.00	 	63,514.68
8 Apr 2024	8 Apr 2024	   TO TRANSFER-UPI/DR/409943214792/Rahul  K/SBIN/6207380948/NA--	TRANSFER TO 4897691162095	17,000.00	 	46,514.68
9 Apr 2024	9 Apr 2024	   BY TRANSFER-UPI/CR/446687774183/MANISHA /SBIN/9409610498/Payme--	TRANSFER FROM 4897733162090	 	5,000.00	51,514.68
9 Apr 2024	9 Apr 2024	   TO TRANSFER-UPI/DR/410013363106/PARULUNI/HDFC/parulunive/Pay--	TRANSFER TO 4897691162095	48,000.00	 	3,514.68
10 Apr 2024	10 Apr 2024	   BY TRANSFER-NEFT*HDFC0000240*N101242982146022*PARUL UNIVERSITY--	TRANSFER FROM 4698209044302	 	1,500.00	5,014.68
10 Apr 2024	10 Apr 2024	   TO TRANSFER-UPI/DR/410182632693/KARAMATA/YESB/paytm-7658/Oid20--	TRANSFER TO 4897692162094	20.00	 	4,994.68
11 Apr 2024	11 Apr 2024	   TO TRANSFER-UPI/DR/410225392488/IBIBOGROUP/HDFC/redbus.pay/NA--	TRANSFER TO 4897693162093	523.95	 	4,470.73
11 Apr 2024	11 Apr 2024	   TO TRANSFER-UPI/DR/446821819614/HARSH KU/UBIN/6299799115/NA--	TRANSFER TO 4897693162093	200.00	 	4,270.73
13 Apr 2024	13 Apr 2024	   BY TRANSFER-UPI/CR/410449390509/Flipkart/YESB/paytm-5650/expre--	TRANSFER FROM 4897737162096	 	693.00	4,963.73
14 Apr 2024	14 Apr 2024	   TO TRANSFER-UPI/DR/410541224437/Rahul  K/SBIN/6207380948/NA--	TRANSFER TO 4897696162090	1,000.00	 	3,963.73
14 Apr 2024	14 Apr 2024	   TO TRANSFER-UPI/DR/447165049122/Jio Prep/YESB/paytm-jiom/NA--	TRANSFER TO 4897696162090	19.00	 	3,944.73
15 Apr 2024	15 Apr 2024	   TO TRANSFER-UPI/DR/410681334953/RAHUL SO/YESB/paytm-7711/Oid20--	TRANSFER TO 4897690162095	40.00	 	3,904.73
15 Apr 2024	15 Apr 2024	   TO TRANSFER-UPI/DR/447227590990/SUA LALR/YESB/Q658679007/NA--	TRANSFER TO 4897690162095	10.00	 	3,894.73
16 Apr 2024	16 Apr 2024	   TO TRANSFER-UPI/DR/447325641411/SUA LALR/YESB/Q658679007/NA--	TRANSFER TO 4897691162095	20.00	 	3,874.73
17 Apr 2024	17 Apr 2024	   TO TRANSFER-UPI/DR/447405153361/Flipkart/YESB/paytm-5650/OidPZ--	TRANSFER TO 4897692162094	222.00	 	3,652.73
17 Apr 2024	17 Apr 2024	   BY TRANSFER-UPI/CR/447415203759/HARSH KU/UBIN/6299799115/NA--	TRANSFER FROM 4897734162099	 	200.00	3,852.73
17 Apr 2024	17 Apr 2024	   TO TRANSFER-UPI/DR/410838103739/SHANKAR/YESB/Q552299638/Sent f--	TRANSFER TO 4897692162094	30.00	 	3,822.73
17 Apr 2024	17 Apr 2024	   TO TRANSFER-UPI/DR/447432671477/VIVEK PR/BKID/7096867853/NA--	TRANSFER TO 4897692162094	80.00	 	3,742.73
17 Apr 2024	17 Apr 2024	   TO TRANSFER-UPI/DR/447432823890/PRIYANSH/YESB/Q357641023/Sent--	TRANSFER TO 4897692162094	20.00	 	3,722.73
17 Apr 2024	17 Apr 2024	   TO TRANSFER-UPI/DR/447433302873/SUA LALR/YESB/Q658679007/NA--	TRANSFER TO 4897692162094	10.00	 	3,712.73
17 Apr 2024	17 Apr 2024	   TO TRANSFER-UPI/DR/410849161938/VIVEK PR/BKID/7096867853/NA--	TRANSFER TO 4897692162094	20.00	 	3,692.73
20 Apr 2024	20 Apr 2024	   TO TRANSFER-UPI/DR/411142998764/ASHUTOSH/BARB/shandilay1/NA--	TRANSFER TO 4897695162091	100.00	 	3,592.73
20 Apr 2024	20 Apr 2024	   BY TRANSFER-UPI/CR/411146319162/Flipkart/YESB/paytm-5650/colle--	TRANSFER FROM 4897737162096	 	222.00	3,814.73
21 Apr 2024	21 Apr 2024	   TO TRANSFER-UPI/DR/447862873054/Lal Sing/YESB/paytm-7294/Oid20--	TRANSFER TO 4897696162090	100.00	 	3,714.73
21 Apr 2024	21 Apr 2024	   TO TRANSFER-UPI/DR/411242046177/SUA LALR/YESB/Q658679007/Sent--	TRANSFER TO 4897696162090	20.00	 	3,694.73
22 Apr 2024	22 Apr 2024	   BY TRANSFER-UPI/CR/411372517657/Mr ANAND/CBIN/7903417145/Payme--	TRANSFER FROM 4897733162090	 	148.00	3,842.73
22 Apr 2024	22 Apr 2024	   TO TRANSFER-UPI/DR/411397687776/Mr ANAND/CBIN/7903417145/Payme--	TRANSFER TO 4897691162095	148.00	 	3,694.73
23 Apr 2024	23 Apr 2024	   TO TRANSFER-UPI/DR/411471882496/Amazon I/RATN/amazon@rap/You a--	TRANSFER TO 4897691162095	679.95	 	3,014.78
24 Apr 2024	24 Apr 2024	   TO TRANSFER-UPI/DR/448124702879/OPTIC HO/HDFC/optichouse/NA--	TRANSFER TO 4897692162094	250.00	 	2,764.78
24 Apr 2024	24 Apr 2024	   TO TRANSFER-UPI/DR/411564564982/shree ra/YESB/paytmqr1xk/NA--	TRANSFER TO 4897692162094	80.00	 	2,684.78
25 Apr 2024	25 Apr 2024	   BY TRANSFER-UPI/CR/448220859957/RITESH K/UCBA/7988142861/NA--	TRANSFER FROM 4897735162098	 	2,900.00	5,584.78
26 Apr 2024	26 Apr 2024	   TO TRANSFER-UPI/DR/448326776850/GOPIBENB/YESB/q769530955/NA--	TRANSFER TO 4897694162092	30.00	 	5,554.78
27 Apr 2024	27 Apr 2024	   TO TRANSFER-UPI/DR/411845905480/UNIQUE E/HDFC/uniqueente/NA--	TRANSFER TO 4897695162091	40.00	 	5,514.78
28 Apr 2024	28 Apr 2024	   TO TRANSFER-UPI/DR/411943096808/KISHAN/FDRL/bharatpe.9/Pay to--	TRANSFER TO 4897696162090	40.00	 	5,474.78
29 Apr 2024	29 Apr 2024	   TO TRANSFER-UPI/DR/448609844569/Airtel P/AIRP/airtelprep/UPIIn--	TRANSFER TO 4897690162095	455.00	 	5,019.78
29 Apr 2024	29 Apr 2024	   TO TRANSFER-UPI/DR/448629547801/SUA LALR/YESB/q658679007/NA--	TRANSFER TO 4897690162095	10.00	 	5,009.78
29 Apr 2024	29 Apr 2024	   TO TRANSFER-UPI/DR/412067037269/Jio Prep/YESB/paytm-jiom/Payme--	TRANSFER TO 4897690162095	19.00	 	4,990.78
1 May 2024	1 May 2024	   TO TRANSFER-UPI/DR/448840038729/REDBUS/YESB/REDBUS2BUS/Payment--	TRANSFER TO 4897692162094	567.00	 	4,423.78
2 May 2024	2 May 2024	   TO TRANSFER-UPI/DR/412300529533/amazon p/YESB/amazonpayg/You a--	TRANSFER TO 4897693162093	1,546.10	 	2,877.68
2 May 2024	2 May 2024	   TO TRANSFER-UPI/DR/412318549846/Jio Prep/YESB/paytm-jiom/Payme--	TRANSFER TO 4897693162093	61.00	 	2,816.68
2 May 2024	2 May 2024	   TO TRANSFER-UPI/DR/412302035287/BPCL BIL/HDFC/bpcl.billd/Pay--	TRANSFER TO 4897693162093	815.50	 	2,001.18
2 May 2024	2 May 2024	   TO TRANSFER-UPI/DR/412378235698/Jio Prep/YESB/paytm-jiom/Payme--	TRANSFER TO 4897693162093	19.00	 	1,982.18
3 May 2024	3 May 2024	   BY TRANSFER-UPI/CR/412432945587/Rahul  K/SBIN/6207380948/NA--	TRANSFER FROM 4897736162097	 	18,000.00	19,982.18
3 May 2024	3 May 2024	   TO TRANSFER-UPI/DR/412470167143/Amazon I/RATN/amazon@rap/You a--	TRANSFER TO 4897694162092	826.00	 	19,156.18
4 May 2024	4 May 2024	   TO TRANSFER-UPI/DR/449119510891/Flipkart/YESB/paytm-5650/OidPZ--	TRANSFER TO 4897695162091	544.00	 	18,612.18
5 May 2024	5 May 2024	   TO TRANSFER-UPI/DR/412655736530/IRCTC We/YESB/paytm-6515/NA--	TRANSFER TO 4897696162090	1,252.25	 	17,359.93
5 May 2024	5 May 2024	   TO TRANSFER-UPI/DR/449242301194/Mr SANJI/IDIB/9534173080/Payme--	TRANSFER TO 4897696162090	1,000.00	 	16,359.93
6 May 2024	6 May 2024	   TO TRANSFER-UPI/DR/449362592100/IRCTC We/YESB/paytm-6515/NA--	TRANSFER TO 4897691162095	861.80	 	15,498.13
8 May 2024	8 May 2024	   TO TRANSFER-UPI/DR/449594757891/CHIRAG N/YESB/paytmqr6t9/NA--	TRANSFER TO 4897692162094	120.00	 	15,378.13
9 May 2024	9 May 2024	   TO TRANSFER-UPI/DR/449617970447/HARSH KU/UBIN/6299799115/NA--	TRANSFER TO 4897693162093	183.00	 	15,195.13
14 May 2024	14 May 2024	   TO TRANSFER-UPI/DR/450195814793/ASHWAMEG/YESB/Q037807082/Payme--	TRANSFER TO 4897691162095	300.00	 	14,895.13
15 May 2024	15 May 2024	   TO TRANSFER-UPI/DR/413626254782/LALCHAN /ICIC/lalchan621/UPI--	TRANSFER TO 4897692162094	1,000.00	 	13,895.13
15 May 2024	15 May 2024	   BY TRANSFER-UPI/CR/413668409722/GAURAV K/HDFC/7906535350/remar--	TRANSFER FROM 4897734162099	 	3,500.00	17,395.13
19 May 2024	19 May 2024	   TO TRANSFER-UPI/DR/414041392800/JOY MONDAL/JIOP/joussj9877/Pay--	TRANSFER TO 4897696162090	500.00	 	16,895.13
21 May 2024	21 May 2024	   TO TRANSFER-UPI/DR/450861326548/EKART/YESB/EKART@ybl/Payment--	TRANSFER TO 4897691162095	944.00	 	15,951.13
21 May 2024	21 May 2024	   ATM WDL-ATM CASH 41421 NEAR ONE RUPEE COIN    JAMNAGAR--		3,500.00	 	12,451.13
22 May 2024	22 May 2024	   TO TRANSFER-UPI/DR/414347364420/IRCTC/ICIC/irctc1.rzp/Payment--	TRANSFER TO 4897692162094	162.25	 	12,288.88
23 May 2024	23 May 2024	   TO TRANSFER-UPI/DR/451061333621/BABU  BI/YESB/Q662485812/Payme--	TRANSFER TO 4897693162093	20.00	 	12,268.88
24 May 2024	24 May 2024	   BY TRANSFER-UPI/CR/451103913231/HARSH KU/UBIN/6299799115/NA--	TRANSFER FROM 4897736162097	 	100.00	12,368.88
24 May 2024	24 May 2024	   TO TRANSFER-UPI/DR/414558725054/AMTS Ahm/YESB/paytm-city/NA--	TRANSFER TO 4897694162092	20.00	 	12,348.88
24 May 2024	24 May 2024	   TO TRANSFER-UPI/DR/451148369714/GAYATRIJ/YESB/Q253513826/Payme--	TRANSFER TO 4897694162092	75.00	 	12,273.88
26 May 2024	26 May 2024	   TO TRANSFER-UPI/DR/451302583890/Vending /YESB/vendingbro/Payme--	TRANSFER TO 4897696162090	20.00	 	12,253.88
26 May 2024	26 May 2024	   TO TRANSFER-UPI/DR/414757704552/IRCTC We/YESB/paytm-6515/Payme--	TRANSFER TO 4897696162090	2,774.50	 	9,479.38
27 May 2024	27 May 2024	   TO TRANSFER-UPI/DR/414839980494/CHATKARA/YESB/paytmqr281/Payme--	TRANSFER TO 4897690162095	30.00	 	9,449.38
27 May 2024	27 May 2024	   TO TRANSFER-UPI/DR/414869644003/Akhilesh/AIRP/o111111429/Payme--	TRANSFER TO 4897690162095	40.00	 	9,409.38
27 May 2024	27 May 2024	   TO TRANSFER-UPI/DR/414847121061/Akhilesh/AIRP/o111111429/Payme--	TRANSFER TO 4897690162095	40.00	 	9,369.38
27 May 2024	27 May 2024	   TO TRANSFER-UPI/DR/414897133745/Salim/YESB/paytmqrill/Payment--	TRANSFER TO 4897690162095	80.00	 	9,289.38
28 May 2024	28 May 2024	   TO TRANSFER-UPI/DR/414994354351/SEJALBEN/HDFC/pateljig19/UPI--	TRANSFER TO 4897691162095	190.00	 	9,099.38
28 May 2024	28 May 2024	   TO TRANSFER-UPI/DR/414957650747/Autope P/ICIC/payphi.aut/Pay t--	TRANSFER TO 4897691162095	1,319.05	 	7,780.33
28 May 2024	28 May 2024	   TO TRANSFER-UPI/DR/414954310422/IRCTC We/YESB/paytm-6515/Payme--	TRANSFER TO 4897691162095	162.25	 	7,618.08
28 May 2024	28 May 2024	   TO TRANSFER-UPI/DR/414978479087/Blinkit/ICIC/grofers.pa/UPIInt--	TRANSFER TO 4897691162095	201.00	 	7,417.08
28 May 2024	28 May 2024	   TO TRANSFER-UPI/DR/414913863194/SEJALBEN/HDFC/pateljig19/UPI--	TRANSFER TO 4897691162095	25.00	 	7,392.08
28 May 2024	28 May 2024	   BY TRANSFER-UPI/CR/451530700601/SAUDAMIN/BARB/singhsauda/Payme--	TRANSFER FROM 4897733162090	 	400.00	7,792.08
30 May 2024	30 May 2024	   TO TRANSFER-UPI/DR/451746531996/Vijay Si/AIRP/6376392662/Payme--	TRANSFER TO 4897693162093	228.00	 	7,564.08
30 May 2024	30 May 2024	   TO TRANSFER-UPI/DR/415170319140/BALKRISH/YESB/paytmqr1bi/Payme--	TRANSFER TO 4897693162093	75.00	 	7,489.08
30 May 2024	30 May 2024	   BY TRANSFER-UPI/CR/415114007293/IRCTC We/YESB/paytm-6515/expre--	TRANSFER FROM 4897735162098	 	2,620.72	10,109.80
30 May 2024	30 May 2024	   TO TRANSFER-UPI/DR/451796057402/KOMAL/BARB/9828681705/Payment--	TRANSFER TO 4897693162093	70.00	 	10,039.80
31 May 2024	31 May 2024	   TO TRANSFER-UPI/DR/415278289289/PVR INOX/YESB/amznplpvrv/Payme--	TRANSFER TO 4897694162092	99.00	 	9,940.80
1 Jun 2024	1 Jun 2024	   TO TRANSFER-UPI/DR/451981124433/Flipkart/YESB/FKRT@ybl/Payment--	TRANSFER TO 4897695162091	649.00	 	9,291.80
1 Jun 2024	1 Jun 2024	   TO TRANSFER-UPI/DR/451990828470/Mr SANJI/IDIB/9534173080/Payme--	TRANSFER TO 4897695162091	200.00	 	9,091.80
2 Jun 2024	2 Jun 2024	   BY TRANSFER-UPI/CR/452082924146/SEJALBEN/HDFC/pateljig19/UPI--	TRANSFER FROM 4897738162095	 	77.00	9,168.80
3 Jun 2024	3 Jun 2024	   TO TRANSFER-UPI/DR/452199255510/Flipkart/YESB/FKRT@ybl/Payment--	TRANSFER TO 4897690162095	599.00	 	8,569.80
3 Jun 2024	3 Jun 2024	   TO TRANSFER-UPI/DR/452165692597/PGVCL El/YESB/paytm-ptmb/NA--	TRANSFER TO 4897690162095	1,218.07	 	7,351.73
3 Jun 2024	3 Jun 2024	   TO TRANSFER-UPI/DR/452156809606/Flipkart/YESB/FKRT@ybl/Payment--	TRANSFER TO 4897690162095	1,049.00	 	6,302.73
5 Jun 2024	5 Jun 2024	   TO TRANSFER-UPI/DR/415789811425/Jio Prep/YESB/paytm-jiom/Payme--	TRANSFER TO 4897692162094	666.00	 	5,636.73
5 Jun 2024	5 Jun 2024	   BY TRANSFER-UPI/CR/415724439893/PhonePe/YESB/phonepemer/R02 Ph--	TRANSFER FROM 4897734162099	 	649.00	6,285.73
5 Jun 2024	5 Jun 2024	   BY TRANSFER-UPI/CR/415724603500/PhonePe/YESB/phonepemer/R02 Ph--	TRANSFER FROM 4897734162099	 	1,049.00	7,334.73
6 Jun 2024	6 Jun 2024	   TO TRANSFER-UPI/DR/415888244623/Jio Prep/YESB/paytm-jiom/Payme--	TRANSFER TO 4897693162093	666.00	 	6,668.73
6 Jun 2024	6 Jun 2024	   TO TRANSFER-UPI/DR/415856324756/Jio Prep/YESB/paytm-jiom/Payme--	TRANSFER TO 4897693162093	666.00	 	6,002.73
6 Jun 2024	6 Jun 2024	   TO TRANSFER-UPI/DR/415860590846/Shraddha/UTIB/gpay-11193/Payme--	TRANSFER TO 4897693162093	560.00	 	5,442.73
6 Jun 2024	6 Jun 2024	   TO TRANSFER-UPI/DR/415828374022/Daiwik M/UTIB/gpay-11240/Payme--	TRANSFER TO 4897693162093	100.00	 	5,342.73
9 Jun 2024	9 Jun 2024	   by debit card-OTHPG 416111999669Trading View Inc      Bengaluru--		1.00	 	5,341.73
10 Jun 2024	10 Jun 2024	   TO TRANSFER-UPI/DR/416251926142/LALWANI /UTIB/gpay-11241/Payme--	TRANSFER TO 4897690162095	2,900.00	 	2,441.73
11 Jun 2024	11 Jun 2024	   TO TRANSFER-UPI/DR/452945064127/Flipkart/YESB/FKRT@ybl/Payment--	TRANSFER TO 4897691162095	670.00	 	1,771.73
11 Jun 2024	11 Jun 2024	   TO TRANSFER-UPI/DR/452996423080/BABU  BI/YESB/Q662485812/Payme--	TRANSFER TO 4897691162095	20.00	 	1,751.73
11 Jun 2024	11 Jun 2024	   TO TRANSFER-UPI/DR/452977152914/Flipkart/YESB/FKRT@ybl/Payment--	TRANSFER TO 4897691162095	293.00	 	1,458.73
12 Jun 2024	12 Jun 2024	   BY TRANSFER-UPI/CR/453051180501/GAURAV K/SBIN/gauravsriv/UPI--	TRANSFER FROM 4897734162099	 	3,500.00	4,958.73
12 Jun 2024	12 Jun 2024	   BULK POSTING-     00000060099 090624 Trading View Inc--		 	1.00	4,959.73
13 Jun 2024	13 Jun 2024	   BY TRANSFER-UPI/CR/453152476412/DHAVAL K/ICIC/dhavalkb83/Jay--	TRANSFER FROM 4897735162098	 	4,750.00	9,709.73
14 Jun 2024	14 Jun 2024	   TO TRANSFER-UPI/DR/453216523742/Flipkart/YESB/paytm-5650/UPI--	TRANSFER TO 4897694162092	603.00	 	9,106.73
16 Jun 2024	16 Jun 2024	   TO TRANSFER-UPI/DR/416802264769/Jio Prep/YESB/paytm-jiom/Payme--	TRANSFER TO 4897696162090	19.00	 	9,087.73
17 Jun 2024	17 Jun 2024	   ATM WDL-ATM CASH 41691 NEAR ONE RUPEE COIN    JAMNAGAR--		8,000.00	 	1,087.73
18 Jun 2024	18 Jun 2024	   TO TRANSFER-UPI/DR/453603363396/REDBUS/YESB/REDBUS2BUS/Payment--	TRANSFER TO 4897691162095	631.31	 	456.42
18 Jun 2024	18 Jun 2024	   TO TRANSFER-UPI/DR/453634698326/Flipkart/YESB/FKRT@ybl/Payment--	TRANSFER TO 4897691162095	379.00	 	77.42
19 Jun 2024	19 Jun 2024	   TO TRANSFER-UPI/DR/417133080801/Jio Prep/YESB/paytm-jiom/Payme--	TRANSFER TO 4897692162094	19.00	 	58.42
19 Jun 2024	19 Jun 2024	   TO TRANSFER-UPI/DR/490333167517/Suraj Gu/PPIW/9213544047/Sent--	TRANSFER TO 4897692162094	20.00	 	38.42
20 Jun 2024	20 Jun 2024	   TO TRANSFER-UPI/DR/417214578634/JAYSWAL /YESB/paytmqr281/Payme--	TRANSFER TO 4897693162093	10.00	 	28.42
21 Jun 2024	21 Jun 2024	   TO TRANSFER-UPI/DR/453944329441/SHANKAR/YESB/Q552299638/Paymen--	TRANSFER TO 4897694162092	20.00	 	8.42
23 Jun 2024	23 Jun 2024	   BY TRANSFER-UPI/CR/454152158602/Ranjit K/SBIN/whatsspot@/Payme--	TRANSFER FROM 4897738162095	 	5,000.00	5,008.42
25 Jun 2024	25 Jun 2024	   CREDIT INTEREST---		 	113.00	5,121.42
26 Jun 2024	26 Jun 2024	   TO TRANSFER-UPI/DR/454437658530/SHANKAR/YESB/Q552299638/Paymen--	TRANSFER TO 4897692162094	20.00	 	5,101.42
26 Jun 2024	26 Jun 2024	   TO TRANSFER-UPI/DR/454495059331/RATIBEND/YESB/Q463177231/Payme--	TRANSFER TO 4897692162094	64.00	 	5,037.42
27 Jun 2024	27 Jun 2024	   BY TRANSFER-UPI/CR/491123521295/ASHUTOSH/BARB/shandilay1/Sent--	TRANSFER FROM 4897735162098	 	60.00	5,097.42
27 Jun 2024	27 Jun 2024	   BY TRANSFER-UPI/CR/417960080179/Mr ANAND/CBIN/kaushik.ay/UPI--	TRANSFER FROM 4897735162098	 	60.00	5,157.42
27 Jun 2024	27 Jun 2024	   BY TRANSFER-UPI/CR/417949939723/BIPUL KU/IBKL/bipulkumar/UPI--	TRANSFER FROM 4897735162098	 	60.00	5,217.42
27 Jun 2024	27 Jun 2024	   TO TRANSFER-UPI/DR/417922545958/AJAYKUMA/BARB/ajayraval5/Payme--	TRANSFER TO 4897693162093	350.00	 	4,867.42
27 Jun 2024	27 Jun 2024	   TO TRANSFER-UPI/DR/417950690898/BIPUL KU/IBKL/bipulkumar/UPI--	TRANSFER TO 4897693162093	450.00	 	4,417.42
27 Jun 2024	27 Jun 2024	   TO TRANSFER-UPI/DR/417997063355/Ashutosh/BARB/shandilay1/Payme--	TRANSFER TO 4897693162093	240.00	 	4,177.42
27 Jun 2024	27 Jun 2024	   TO TRANSFER-UPI/DR/454514482048/Gondaliy/YESB/Q753616305/Payme--	TRANSFER TO 4897693162093	15.00	 	4,162.42
27 Jun 2024	27 Jun 2024	   TO TRANSFER-UPI/DR/454556457845/Gondaliy/YESB/Q510454282/Payme--	TRANSFER TO 4897693162093	12.00	 	4,150.42
27 Jun 2024	27 Jun 2024	   BY TRANSFER-UPI/CR/417968299125/Yash Tee/SBIN/naitikbath/UPI--	TRANSFER FROM 4897735162098	 	10.00	4,160.42
28 Jun 2024	28 Jun 2024	   BY TRANSFER-UPI/CR/418010275912/SURAJ  G/SBIN/guptasuraj/UPI--	TRANSFER FROM 4897736162097	 	70.00	4,230.42
28 Jun 2024	28 Jun 2024	   BY TRANSFER-UPI/CR/454610029466/Mr ANAND/CBIN/kaushik.ay/UPI--	TRANSFER FROM 4897736162097	 	10.00	4,240.42
28 Jun 2024	28 Jun 2024	   BY TRANSFER-UPI/CR/418010327286/SURAJ  G/SBIN/guptasuraj/UPI--	TRANSFER FROM 4897736162097	 	40.00	4,280.42
29 Jun 2024	29 Jun 2024	   BY TRANSFER-UPI/CR/454772868782/RAJSEN  /SBIN/7978879213/Payme--	TRANSFER FROM 4897737162096	 	4,931.68	9,212.10
29 Jun 2024	29 Jun 2024	   TO TRANSFER-UPI/DR/454714774306/VIKAS RA/SBIN/8849527842/Payme--	TRANSFER TO 4897695162091	4,931.00	 	4,281.10
29 Jun 2024	29 Jun 2024	   TO TRANSFER-UPI/DR/454704815102/VIKAS RA/SBIN/8849527842/Payme--	TRANSFER TO 4897695162091	800.00	 	3,481.10
30 Jun 2024	30 Jun 2024	   BY TRANSFER-UPI/CR/454864816521/Ranjit K/SBIN/whatsspot@/Payme--	TRANSFER FROM 4897738162095	 	7,000.00	10,481.10
30 Jun 2024	30 Jun 2024	   TO TRANSFER-UPI/DR/491469621643/LIC of I/YESB/ptmppi@pay/NA--	TRANSFER TO 4897696162090	6,065.00	 	4,416.10
1 Jul 2024	1 Jul 2024	   TO TRANSFER-UPI/DR/418309471921/Rahul  K/SBIN/6207380948/NA--	TRANSFER TO 4897690162095	110.00	 	4,306.10
1 Jul 2024	1 Jul 2024	   TO TRANSFER-UPI/DR/418373985788/Jio Prep/YESB/paytm-jiom/Payme--	TRANSFER TO 4897690162095	666.00	 	3,640.10
1 Jul 2024	1 Jul 2024	   TO TRANSFER-UPI/DR/418333410615/LUCKYSTA/YESB/BHARATPE90/Payme--	TRANSFER TO 4897690162095	180.00	 	3,460.10
1 Jul 2024	1 Jul 2024	   TO TRANSFER-UPI/DR/454944924803/SATYAMKI/YESB/Q227999794/Payme--	TRANSFER TO 4897690162095	72.00	 	3,388.10
1 Jul 2024	1 Jul 2024	   TO TRANSFER-UPI/DR/454971276159/Flipkart/YESB/FKRT@ybl/Payment--	TRANSFER TO 4897690162095	249.00	 	3,139.10

**This is a computer generated statement and does not require a signature

